@misc{NTKLaser,
  author       = {{NKT Photonics}},
  title        = {{PILAS: picosecond pulsed diode lasers}},
  howpublished = {\url{https://www.nktphotonics.com/products/pulsed-diode-lasers/pilas/}},
  note         = {Online},
  year         = 2022
}
@misc{CAENV1751,
  author       = {{CAEN SpA}},
  title        = {{V1751}},
  howpublished = {\url{https://www.caen.it/products/v1751/}},
  note         = {Online},
  year         = 2022
}
@misc{CAENLIB,
  author       = {{CAEN SpA}},
  title        = {{V1751}},
  howpublished = {\url{https://www.caen.it/products/caendigitizer-library/}},
  note         = {Online},
  year         = 2022
}
@misc{WIENERHV,
  author       = {W-IE-NE-R},
  title        = {{MPOD High Voltage module}},
  howpublished = {\url{https://www.wiener-d.com/product/mpod-hv-module/}},
  note         = {Online},
  year         = 2022
}
@misc{BJBS,
  author       = {{BEIJING HAMAMATSU}},
  title        = {{{CR}365-01}},
  howpublished = {\url{http://www.bhphoton.com/site/zh/product/guangdianqijian/duanchuangxingguangdianbeizengguan/1502326956990599170.html}},
  note         = {Online},
  year         = 2022
}
@misc{JPBS,
  author       = {HAMAMATSU},
  title        = {{R5912}},
  howpublished = {\url{http://www.hamamatsu.com.cn/product/23160.html}},
  note         = {Online},
  year         = 2022
}
@misc{SNMP,
  author       = {{Net-SNMP Team}},
  title        = {Net-{SNMP}},
  howpublished = {\url{https://net-snmp.sourceforge.io/}},
  note         = {Online},
  year         = 2022
}
@misc{VISA,
  author       = {{PyVISA Authors}},
  title        = {{PyVISA}: Control your instruments with {Python}},
  howpublished = {\url{https://pyvisa.readthedocs.io/en/latest/}},
  note         = {Online},
  year         = 2022
}
@article{CR365PDE,
    author = "Jiang, Kun and others",
    title = "{Qualification tests of 997 8-inch photomultiplier tubes for the water Cherenkov detector array of the LHAASO experiment}",
    eprint = "2009.12742",
    archivePrefix = "arXiv",
    primaryClass = "physics.ins-det",
    doi = "10.1016/j.nima.2021.165108",
    journal = "Nucl. Instrum. Meth. A",
    volume = "995",
    pages = "165108",
    year = "2021"
}
@article{JUNOPrototype,
doi = {10.1088/1748-0221/14/08/T08002},
url = {https://dx.doi.org/10.1088/1748-0221/14/08/T08002},
year = {2019},
month = {aug},
publisher = {},
volume = {14},
number = {08},
pages = {T08002},
author = {H.Q. Zhang and Z.M. Wang and Y.P. Zhang and Y.B. Huang and F.J. Luo and P. Zhang and C.C. Zhang and M.H. Xu and J.C. Liu and Y.K. Heng and C.G. Yang and X.S. Jiang and F. Li and M. Ye and H.S. Chen},
title = {Comparison on PMT waveform reconstructions with JUNO prototype},
journal = {Journal of Instrumentation}
}