@article{LetterJNE2017,
  doi       = {10.1088/1674-1137/41/2/023002},
  url       = {https://doi.org/10.1088/1674-1137/41/2/023002},
  year      = 2017,
  month     = {feb},
  publisher = {{IOP} Publishing},
  volume    = {41},
  number    = {2},
  pages     = {023002},
  author    = {John F. Beacom and Shaomin Chen and et al.},
  title     = {{Physics prospects of the {Jinping} neutrino experiment}},
  journal   = {Chinese Physics C}
}
@article{JUNOMassTesting,
    author = "Abusleme, Angel and others",
    collaboration = "JUNO",
    title = "{Mass Testing and Characterization of 20-inch PMTs for JUNO}",
    eprint = "2205.08629",
    archivePrefix = "arXiv",
    primaryClass = "physics.ins-det",
    month = "5",
    year = "2022"
}
@inproceedings{DayaBayTesting,
  author    = {Liu, Dawei},
  booktitle = {2008 IEEE Nuclear Science Symposium Conference Record},
  title     = {{PMT evaluation for the Daya Bay neutrino experiment}},
  year      = {2008},
  volume    = {},
  number    = {},
  pages     = {3133-3139},
  doi       = {10.1109/NSSMIC.2008.4775017}
}
@article{DoubleChoozeTesting,
  author = "Calvo, E. and Cerrada, M. and Fernandez-Bedoya, C. and Gil-Botella, Ines and Palomares, C. and Rodriguez, I. and Toral, F. and Verdugo, A.",
    title = "{Characterization of large area photomutipliers under low magnetic fields: Design and performances of the magnetic shielding for the Double Chooz neutrino experiment}",
    eprint = "0905.3246",
    archivePrefix = "arXiv",
    primaryClass = "physics.ins-det",
    doi = "10.1016/j.nima.2010.06.009",
    journal = "Nucl. Instrum. Meth. A",
    volume = "621",
    pages = "222--230",
    year = "2010"
}
@article{LHAASOTesting,
  author = "Jiang, Kun and others",
    title = "{Qualification tests of 997 8-inch photomultiplier tubes for the water Cherenkov detector array of the LHAASO experiment}",
    eprint = "2009.12742",
    archivePrefix = "arXiv",
    primaryClass = "physics.ins-det",
    doi = "10.1016/j.nima.2021.165108",
    journal = "Nucl. Instrum. Meth. A",
    volume = "995",
    pages = "165108",
    year = "2021"
}
@article{HyperKTesting,
  doi       = {10.1088/1742-6596/1468/1/012237},
  url       = {https://doi.org/10.1088/1742-6596/1468/1/012237},
  year      = 2020,
  month     = {feb},
  publisher = {{IOP} Publishing},
  volume    = {1468},
  number    = {1},
  pages     = {012237},
  author    = {C Bronner and Y Nishimura and J. Xia and T. Tashiro},
  title     = {{Development and performance of the 20{\textquotedblright} {PMT} for Hyper-Kamiokande}},
  journal   = {Journal of Physics: Conference Series}
}
@article{KM3NetTesting,
  author = "Aiello, S. and others",
    collaboration = "KM3NeT",
    title = "{Characterisation of the Hamamatsu photomultipliers for the KM3NeT Neutrino Telescope}",
    doi = "10.1088/1748-0221/13/05/P05035",
    journal = "JINST",
    volume = "13",
    number = "05",
    pages = "P05035",
    year = "2018"
}
@article{IceCubeTesting,
  author  = {van Eijk, Daan  and  Schneider, Judith  and  Unland, Martin},
  title   = {{Characterisation of Two PMT Models for the IceCube Upgrade mDOM}},
  doi     = {10.22323/1.358.1022},
  journal = {PoS},
  year    = 2019,
  volume  = {ICRC2019},
  pages   = {1022}
}

@article{XENON1TTesting,
  author = "Barrow, P. and others",
    title = "{Qualification Tests of the R11410-21 Photomultiplier Tubes for the XENON1T Detector}",
    eprint = "1609.01654",
    archivePrefix = "arXiv",
    primaryClass = "astro-ph.IM",
    doi = "10.1088/1748-0221/12/01/P01024",
    journal = "JINST",
    volume = "12",
    number = "01",
    pages = "P01024",
    year = "2017"
}

@article{XENONnTTesting,
  author = "Antochi, V. C. and others",
    title = "{Improved quality tests of R11410-21 photomultiplier tubes for the XENONnT experiment}",
    eprint = "2104.15051",
    archivePrefix = "arXiv",
    primaryClass = "physics.ins-det",
    doi = "10.1088/1748-0221/16/08/P08033",
    journal = "JINST",
    volume = "16",
    number = "08",
    pages = "P08033",
    year = "2021"
}
@misc{GDB-6082,
  author       = {{Northern Night Vision Technology Ltd}},
  title        = {{Large Area MCP-PMT}},
  howpublished = {available at \url{http://www.yskjnj.com/product/common/assets/upload/2022/0302/113755f9.pdf} (accessed on December 31, 2022)},
  year         = 2022
}
@article{JUNO:2015zny,
    author = "An, Fengpeng and others",
    collaboration = "JUNO",
    title = "{Neutrino Physics with JUNO}",
    eprint = "1507.05613",
    archivePrefix = "arXiv",
    primaryClass = "physics.ins-det",
    doi = "10.1088/0954-3899/43/3/030401",
    journal = "J. Phys. G",
    volume = "43",
    number = "3",
    pages = "030401",
    year = "2016"
}
@article{KamLAND,
title = {KamLAND experiment},
journal = {Nuclear Physics B - Proceedings Supplements},
volume = {117},
pages = {13-17},
year = {2003},
issn = {0920-5632},
doi = {https://doi.org/10.1016/S0920-5632(03)90478-6},
author = {Tadao Mitsui}
}
@article{SNO,
title = {The Sudbury Neutrino Observatory},
journal = {Nuclear Physics B},
volume = {908},
pages = {30-51},
year = {2016},
note = {Neutrino Oscillations: Celebrating the Nobel Prize in Physics 2015},
issn = {0550-3213},
doi = {https://doi.org/10.1016/j.nuclphysb.2016.04.035},
author = {A. Bellerive and others},
}
\@article{SuperK,
title = {The Super-Kamiokande detector},
journal = {Nuclear Instruments and Methods in Physics Research Section A},
volume = {501},
number = {2},
pages = {418-462},
year = {2003},
issn = {0168-9002},
doi = {https://doi.org/10.1016/S0168-9002(03)00425-X},
author = {S. Fukuda and others},
}
@article{Luo:2022xrd,
    author = "Luo, Wentai and Liu, Qian and Zheng, Yangheng and Wang, Zhe and Chen, Shaomin",
    title = "{Reconstruction Algorithm for a Novel Cherenkov Scintillation Detector}",
    eprint = "2209.13772",
    archivePrefix = "arXiv",
    primaryClass = "physics.ins-det",
    month = "9",
    year = "2022"
}
@article{Guo_2019,
    author = "Guo, Ziyi and Yeh, Minfang and Zhang, Rui and Cao, De-Wen and Qi, Ming and Wang, Zhe and Chen, Shaomin",
    title = "{Slow Liquid Scintillator Candidates for MeV-scale Neutrino Experiments}",
    eprint = "1708.07781",
    archivePrefix = "arXiv",
    primaryClass = "physics.ins-det",
    doi = "10.1016/j.astropartphys.2019.02.001",
    journal = "Astropart. Phys.",
    volume = "109",
    pages = "33--40",
    year = "2019"
}