@article{Coates_1973,
	doi = {10.1088/0022-3727/6/10/301},
	url = {https://doi.org/10.1088/0022-3727/6/10/301},
	year = 1973,
	month = {jun},
	publisher = {{IOP} Publishing},
	volume = {6},
	number = {10},
	pages = {1159--1166},
	author = {P B Coates},
	title = "{The origins of afterpulses in photomultipliers}",
	journal = {Journal of Physics D: Applied Physics}
}
@article{Wonsak_2021,
	doi = {10.1088/1748-0221/16/08/t08001},
	url = {https://doi.org/10.1088/1748-0221/16/08/t08001},
	year = 2021,
	month = {aug},
	publisher = {{IOP} Publishing},
	volume = {16},
	number = {08},
	pages = {T08001},
	author = {Wonsak, B. and others},
	title = "{A container-based facility for testing 20{\textquotesingle}000 20-inch {PMTs} for {JUNO}
}",
	journal = {Journal of Instrumentation}
}

@InProceedings{Cowan1998StatisticalDA,
  title="{Statistical data analysis}",
  booktitle={Statistical data analysis},
  author={Glen Cowan},
  year={1998}
}

@book{AppliedRegression,
	title="{Applied Linear Regression}",
	author={Weisberg, Sanford},
	year={2013},
	publisher={John Wiley Sons},
}
@book{glm,
    title="Generalized Linear Models and Extension",
    author={James W. Hardin and Joseph M. Hilbe},
    year={2018},
    publisher      = {Stata Press},
}
@misc{HAMAMATSUManual,
  author       = {{Hamamatsu Photonics}},
  title        = {{PHOTOMULTIPLIER TUBES: Basics and Applications}},
  howpublished = {\url{https://www.hamamatsu.com/content/dam/hamamatsu-photonics/sites/documents/99_SALES_LIBRARY/etd/PMT_handbook_v3aE.pdf}},
  note         = {Online},
  year         = 2007
}
@article{Zhao:2022gks,
    author = "Zhao, Rong and others",
    title = "{Afterpulse measurement of JUNO 20-inch PMTs}",
    eprint = "2207.04995",
    archivePrefix = "arXiv",
    primaryClass = "physics.ins-det",
    month = "7",
    year = "2022"
}
