@article{LetterJNE2017,
	doi = {10.1088/1674-1137/41/2/023002},
	url = {https://doi.org/10.1088%2F1674-1137%2F41%2F2%2F023002},
	year = 2017,
	month = {feb},
	publisher = {{IOP} Publishing},
	volume = {41},
	number = {2},
	pages = {023002},
	author = {John F. Beacom and Shaomin Chen and et al.},
	title = "{Physics prospects of the {Jinping} neutrino experiment}",
	journal = {Chinese Physics C}
}

@article{JUNOMassTesting,
    author = "Abusleme et al.",
    collaboration = "JUNO",
    title = "{Mass Testing and Characterization of 20-inch PMTs for JUNO}",
    eprint = "2205.08629",
    archivePrefix = "arXiv",
    month = "5",
    year = "2022"
}
@INPROCEEDINGS{DayaBayTesting,
  author={Liu, Dawei},
  booktitle={2008 IEEE Nuclear Science Symposium Conference Record}, 
  title="{PMT evaluation for the Daya Bay neutrino experiment}", 
  year={2008},
  volume={},
  number={},
  pages={3133-3139},
  doi={10.1109/NSSMIC.2008.4775017}
}
@article{DoubleChoozeTesting,
title = "{Characterization of large-area photomultipliers under low magnetic fields: Design and performance of the magnetic shielding for the Double Chooz neutrino experiment}",
journal = {Nuclear Instruments and Methods in Physics Research Section A: Accelerators, Spectrometers, Detectors and Associated Equipment},
volume = {621},
number = {1},
pages = {222-230},
year = {2010},
issn = {0168-9002},
doi = {https://doi.org/10.1016/j.nima.2010.06.009},
url = {https://www.sciencedirect.com/science/article/pii/S016890021001199X},
author = {E. Calvo et al.},
}
@article{LHAASOTesting,
title = "{Qualification tests of 997 8-inch photomultiplier tubes for the water Cherenkov detector array of the LHAASO experiment}",
journal = {Nuclear Instruments and Methods in Physics Research Section A: Accelerators, Spectrometers, Detectors and Associated Equipment},
volume = {995},
pages = {165108},
year = {2021},
issn = {0168-9002},
doi = {https://doi.org/10.1016/j.nima.2021.165108},
url = {https://www.sciencedirect.com/science/article/pii/S0168900221000929},
author = {Kun Jiang et al.},
}
@article{HyperKTesting,
	doi = {10.1088/1742-6596/1468/1/012237},
	url = {https://doi.org/10.1088/1742-6596/1468/1/012237},
	year = 2020,
	month = {feb},
	publisher = {{IOP} Publishing},
	volume = {1468},
	number = {1},
	pages = {012237},
	author = {C Bronner and Y Nishimura and J. Xia and T. Tashiro},
	title = "{Development and performance of the 20{\textquotedblright} {PMT} for Hyper-Kamiokande}",
	journal = {Journal of Physics: Conference Series},
}
@article{KM3NetTesting,
	doi = {10.1088/1748-0221/13/05/p05035},
	url = {https://doi.org/10.1088/1748-0221/13/05/p05035},
	year = 2018,
	month = {may},
	publisher = {{IOP} Publishing},
	volume = {13},
	number = {05},
	pages = {P05035--P05035},
	author = {S. Aiello et al.},
	title = "{Characterisation of the Hamamatsu photomultipliers for the {KM}3NeT Neutrino Telescope}",
	journal = {Journal of Instrumentation},
}
@article{IceCubeTesting,
  author = "van Eijk, Daan  and  Schneider, Judith  and  Unland, Martin",
  title = "{Characterisation of Two PMT Models for the IceCube Upgrade mDOM}",
  doi = "10.22323/1.358.1022",
  journal = "PoS",
  year = 2019,
  volume = "ICRC2019",
  pages = "1022"
}

@article{XENON1TTesting,
	title = "{Qualification tests of the {R11410}-21 photomultiplier tubes for the {XENON1T} detector}",
	volume = {12},
	issn = {1748-0221},
	url = {https://doi.org/10.1088/1748-0221/12/01/p01024},
	doi = {10.1088/1748-0221/12/01/P01024},
	language = {en},
	number = {01},
	urldate = {2022-03-14},
	journal = {Journal of Instrumentation},
	author = {Barrow, P. et al.},
	year = {2017},
	note = {Publisher: IOP Publishing},
	pages = {P01024--P01024},
}

@article{XENONnTTesting,
	title = "{Improved quality tests of {R11410}-21 photomultiplier tubes for the {XENONnT} experiment}",
	volume = {16},
	issn = {1748-0221},
	url = {https://doi.org/10.1088/1748-0221/16/08/p08033},
	doi = {10.1088/1748-0221/16/08/P08033},
	language = {en},
	number = {08},
	urldate = {2022-07-03},
	journal = {Journal of Instrumentation},
	author = {Antochi, V. C. et al.},
	month = aug,
	year = {2021},
	note = {Publisher: IOP Publishing},
	pages = {P08033},
}
@misc{GDB-6082,
	author = {Northern Night Vision Technology Ltd},
    title = "Large {Area} {MCP-PMT}",
    howpublished = {\url{http://www.yskjnj.com/product/common/assets/upload/2022/0302/113755f9.pdf}},
    note = {Online;},
    year=2022,
}